@online{krisemanual,
title = {Forberedt på kriser},
organization = {Beredskabstyrelsen},
url = {https://www.brs.dk/globalassets/brs---beredskabsstyrelsen/dokumenter/forberedt/--forberedt_paa_kriser_lowres-.pdf},
urldate = {2024-11-28}}


@online{DuerEndelafberedskabet,
title = {Sådan forbereder du dig},
organization = {Beredskabstyrelsen},
url = {https://www.brs.dk/da/borger/var-klar-nar-krisen-rammer/forbereddig/},
urldate = {2025-04-29}}

@online{DanskFørstehjælp,
title = {Dansk Førstehjælp},
url = {https://foerstehjaelpsraad.dk/forstehjaelper/},
urldate = {2025-04-29}}


@online{ErDuBlevetAkutSygEllerKommetTilSkade,
title = {Er du blevet akut syg eller kommet til skade?},
url = {https://www.regionh.dk/Sundhed/Akut-hjælp/1813/Documents/Akutberedskabet-akuthjaelpsfolder.pdf},
urldate = {2025-04-29}}


@online{EENA,
title = {EENA},
url = {https://eena.org/},
urldate = {2025-04-29}}

@online{netdoktorHS,
title = {Hjærtestop},
url = {https://netdoktor.dk/hjerte-og-blod/ordbog/hjertestop/},
urldate = {2025-04-29}}

@online{beredskabsinfo,
title = {Fire ud af fem danskere har været på førstehjælpskursus},
url = {https://www.beredskabsinfo.dk/praehospital/fire-ud-af-fem-danskere-har-vaeret-paa-foerstehjaelpskursus/#:~:text=Helt%20nye%20tal%20viser%2C%20at,og%20at%20bruge%20en%20hjertestarter},
urldate = {2025-04-30}}
